Order Date,Sales
2016-03-31,92369.14099999999
2016-06-30,134586.01299999998
2016-09-30,137277.62420000002
2016-12-31,229642.8177999998
2017-03-31,118041.05520000003
2017-06-30,130551.03599999995
2017-09-30,190216.91600000006
2017-12-31,273487.934
2018-03-31,74231.828
2018-06-30,84780.27360000001
2018-09-30,141973.03230000005
2018-12-31,175924.59219999998
2019-03-31,68708.79059999998
2019-06-30,87625.82500000001
2019-09-30,126847.50719999996
2019-12-31,176913.29819999996
