Date,Sales
3/31/2016,92369.141
6/30/2016,134586.013
9/30/2016,137277.6242
12/31/2016,229642.8178
3/31/2017,118041.0552
6/30/2017,130551.036
9/30/2017,190216.916
12/31/2017,273487.934
3/31/2018,74231.828
6/30/2018,84780.2736
9/30/2018,141973.0323
12/31/2018,175924.5922
3/31/2019,68708.7906
6/30/2019,87625.825
9/30/2019,126847.5072
12/31/2019,176913.2982
